% Encoding: UTF-8

@Article{alonso1970physiqueT1,
  author =    {Alonso, Marcelo and Finn, Edward J.},
  title =     {Physique G{\'{e}}n{\'{e}}rale},
  year =      {1970},
  volume =    {1},
  publisher = {Le Renouveau P{\'e}dagogique}
}
@book{ayant2000cours,
  title={Cours de m{\'e}canique quantique: avec 87 exercices corrig{\'e}s:[2e cycle, {\'e}coles d'ing{\'e}nieurs]:[avec exercices et probl{\`e}mes r{\'e}solus]},
  author={Ayant, Yves and Belorizky, Elie},
  year={2000},
  publisher={Dunod}
}
@book{bachelier1900theorie,
  title={Th{\'e}orie de la sp{\'e}culation},
  author={Bachelier, Louis},
  year={1900},
  publisher={Gauthier-Villars}
}
@book{bass2007six,
  title={Six Sigma statistics with Excel and Minitab},
  author={Bass, Issa},
  volume={1},
  year={2007},
  publisher={McGraw-Hill}
}
@book{ben2008notions,
  title={Notions de M{\'e}canique des Fluides: Cours et Exercices Corrig{\'e}s},
  author={BEN HAMOUDA, Riadh},
  year={2008},
  publisher={Centre de Publication Universitaire}
}

@Book{borel1984thermodynamique,
  title =       {Thermodynamique et Energ{\'e}tique},
  publisher =   {Presses Polytechniques Romandes, premi{\'e}re {\'e}dition},
  year =        {1984},
  author =      {Borel, L},
  institution = {ISBN 2-88074-025-8}
}
@book{bossu2012introduction,
  title={An Introduction to Equity Derivatives: Theory and Practice},
  author={Bossu, S{\'e}bastien and Henrotte, Philippe},
  volume={647},
  year={2012},
  publisher={John Wiley \& Sons}
}
@book{boursin1998initiation,
  title={Initiation {\`a} la th{\'e}orie des jeux},
  author={Boursin, Jean-Louis},
  year={1998},
  publisher={Montchrestien}
}

@Book{bowman1958introduction,
  title =     {Introduction to {Bessel} functions},
  publisher = {Courier Corporation},
  year =      {1958},
  author =    {Bowman, Frank}
}
@book{cagnac1971physique,
  title={Physique atomique: introduction {\`a} la physique quantique et structure de l'{\'e}difice atomique},
  author={Cagnac, Bernard and Pebay-Peyroula, Jean Claude},
  volume={2},
  year={1971},
  publisher={Dunod}
}
@book{cairoli1991algebre,
  title={Alg{\`e}bre lin{\'e}aire},
  author={Cairoli, Renzo},
  year={1991},
  publisher={PPUR presses polytechniques}
}
@book{calc1993tensoriel,
  title={Le calcul tensoriel en physique},
  author={J. Hladik and P.-E. Hladik},
  year={1993},
  publisher={Dunod}
}
@book{cobbaut1987theorie,
  title={Th{\'e}orie financi{\`e}re},
  author={Cobbaut, Robert},
  year={1987}
}
@book{cogis2003theorie,
  title={Th{\'e}orie des graphes: au-del{\`a} des ponts de K{\"o}nigsberg: probl{\`e}mes, th{\'e}or{\`e}mes, algorithmes},
  author={Cogis, Olivier and Robert, Claudine},
  year={2003},
  publisher={Vuibert}
}
@book{curtis2013orbital,
  title={Orbital mechanics for engineering students},
  author={Curtis, Howard},
  year={2013},
  publisher={Butterworth-Heinemann}
}
@book{cutnell2007physics,
  title={Physics},
  author={Cutnell, John D and Johnson, Kenneth W},
  year={2007},
  publisher={NJ, John Wiley \& Sons, Inc}
}@book{david2001introduction,
  title={Introduction {\`a} la logique: th{\'e}orie de la d{\'e}monstration: cours et exercices corrig{\'e}s},
  author={David, Ren{\'e} and Nour, Karim and Raffalli, Christophe and Curien, Pierre-Louis},
  year={2001},
  publisher={Dunod}
}
@book{day2007mastering,
  title={Mastering Financial Modelling in Microsoft Excel: A practitioner's guide to applied corporate finance},
  author={Day, Alastair L},
  year={2007},
  publisher={Pearson Education}
}
@book{de1994introduction,
  title={Introduction {\`a} la th{\'e}orie des nombres},
  author={De Koninck, Jean-Marie and Mercier, Armel},
  year={1994},
  publisher={Modulo}
}
@book{delcroix1994physique,
  title={Physique des plasmas, Tome 1},
  author={Delcroix, Jean-Loup and Bers, Abraham},
  journal={InterEditions/CNRS Editions},
  year={1994}
}
@book{desai2010quantum,
  title={Quantum mechanics with basic field theory},
  author={Desai, Bipin R},
  year={2010},
  publisher={Cambridge University Press}
}
@book{didier1997chimie,
  title={Chimie g{\'e}n{\'e}rale},
  author={Didier, Ren{\'e} and Gr{\'e}cias, Pierre},
  year={1997},
  publisher={Technique \& documentation-Lavoisier}
}
@book{diu1989elements,
  title={El{\'e}ments de physique statistique},
  author={Diu, Bernard and Roulet, Bernard and Guthmann, Claudine and Lederer, Danielle},
  year={1989},
  publisher={Hermann}
}
@book{douchet1987calcul,
  title={Calcul diff{\'e}rentiel et int{\'e}gral 3. Fonctions r{\'e}elles d'une variable r{\'e}elle: exercices r{\'e}solus},
  author={Douchet, Jacques and Zwahlen, Bruno},
  year={1987},
  publisher={Presses Polytechniques Romandes}
}
@book{douchet2006calcul,
  title={Calcul diff{\'e}rentiel et int{\'e}gral: fonctions r{\'e}elles d'une ou de plusieurs variables r{\'e}elles},
  author={Douchet, Jacques and Zwahlen, Bruno},
  year={2006},
  publisher={PPUR presses polytechniques}
}
@book{duffy2010advanced,
  title={Advanced engineering mathematics with MATLAB},
  author={Duffy, Dean G},
  year={2010},
  publisher={CRC Press}
}
@book{duvaut1998mecanique,
  title={M{\'e}canique des milieux continus},
  author={Duvaut, Georges},
  year={1998},
  publisher={Dunod}
}
@book{elbaz1992cosmologie,
  title={Cosmologie},
  author={Elbaz, Edgard and Novello, Mario},
  year={1992},
  publisher={Ellipse}
}
@book{gentili2012guide,
  title={Guide de localisation des astres},
  author={Gentili, Christian},
  year={2012},
  publisher={EDP sciences}
}

@Book{giard1981gestion,
  title =     {Gestion de la production: calcul {\'{E}}conomique},
  publisher = {Economica},
  year =      {1981},
  author =    {Giard, Vincent}
}
@book{giard1995statgestionnaires,
  title={Statistiques descriptives pour les gestionnaires},
  author={Giard, Vincent},
  year={1995},
  publisher={Economica}
}
@book{gieck1997formulaire,
  title={Formulaire Technique Gieck},
  author={K. + R. Gieck},
  year={1997},
  publisher={Gieck}
}

@Book{gopal2006100,
  title =     {100 Statistical tests},
  publisher = {Sage},
  year =      {2006},
  author =    {Gopal K Kanji}
}

@Book{goupy2005DOE,
  title =     {Pratique industrielle des plans d'exp{\'e}rience)},
  publisher = {AFNOR},
  year =      {1999},
  author =    {J. Alexis, P. Alexis}
}
@book{goupy2005pratiquer,
  title={Pratiquer les plans d'exp{\'e}riences},
  author={J. Goupy},
  year={2005},
  publisher={Dunod}
}
@book{hairer2001analyse,
  title={L'analyse au fil de l'histoire},
  author={Hairer, Ernst and Wanner, Gerhard},
  volume={10},
  year={2001},
  publisher={Springer Science \& Business Media}
}
@book{halliday1979electricite,
  title={Electricit{\'e} et magn{\'e}tisme},
  author={Halliday, David and Lebel, Andr{\'e} and Resnick, Robert and Resnick, Robert and Resnick, Robert},
  year={1979},
  publisher={Editions du Renouveau P{\'e}dagogique}
}
@article{halmos1970introduction,
  title={Introduction {\`a} la th{\'e}orie des ensembles},
  author={Halmos, Paul Richard},
  year={1970}
}
@book{hecht1999physique,
  title={Physique},
  author={Hecht, Eugene},
  year={1999},
  publisher={De Boeck Sup{\'e}rieur}
}
@book{hibbeler2010statics,
  title={Statics and dynamics},
  author={R. C. Hibbeler},
  year={2010},
  publisher={Pearson Education}
}
@book{hladik1996spineurs,
  title={Les spineurs en physique: avec exercices corrig{\'e}s},
  author={Hladik, Jean and Hladik, Jean and Hladik, Jean},
  year={1996},
  publisher={Masson}
}
@book{hull2006options,
  title={Options, futures, and other derivatives},
  author={Hull, John C},
  year={2006},
  publisher={Pearson Education India}
}
@book{istas1999probabilites,
  title={Probabilit{\'e}s et statistiques: cours, exercices et probl{\`e}mes r{\'e}solus},
  author={Istas, Jacques},
  year={1999},
  publisher={Ellipses}
}

@Book{jaupi2002MSP,
  title =     {Contr{\^{o}}le de la qualit{\'{e}} (MSP, Analyse des performances, Contr{\^{o}}le de r{\'{e}}ception)},
  publisher = {Dunod},
  year =      {2002},
  author =    {L. Jaupi}
}
@book{jazar2011advanced,
  title={Advanced dynamics: rigid body, multibody, and aerospace applications},
  author={Jazar, Reza N},
  year={2011},
  publisher={John Wiley \& Sons}
}
@book{johnson2014applied,
  title={Applied multivariate statistical analysis},
  author={Johnson, Richard Arnold and Wichern, Dean W and Education, Pearson},
  year={2014},
  publisher={Pearson Education Limited}
}
@book{jorion2007financial,
  title={Financial risk manager handbook},
  author={Jorion, Philippe and others},
  volume={406},
  year={2007},
  publisher={John Wiley \& Sons}
}
@book{koppelaars2007applied,
  title={Applied mathematics for database professionals},
  author={Koppelaars, Toon and others},
  year={2007},
  publisher={Apress}
}
@book{koren2010fault,
  title={Fault-tolerant systems},
  author={Koren, Israel and Krishna, C Mani},
  year={2010},
  publisher={Morgan Kaufmann}
}
@book{lahiri2005first,
  title={A first book of Quantum Field Theory},
  author={Lahiri, Amitabha and Pal, Palash B},
  year={2005},
  publisher={CRC Press}
}
@book{laroche2003promenades,
  title={Promenades math{\'e}matiques: histoire, fondements, applications},
  author={Laroche, Fr{\'e}d{\'e}ric},
  year={2003},
  publisher={Ellipses}
}

@Book{lausanne1973calccomm,
  title={Calculs commerciaux et bancaires - avec des el{\'{e}}ments de statistique descriptive},
  publisher={Lausanne},
  year={1973},
  author={J.-Ch. Corbaz, D. Goetschi}
}
@book{ludvigsen2000relativite,
  title={La relativit{\'e} g{\'e}n{\'e}rale: une approche g{\'e}om{\'e}trique},
  author={Ludvigsen, Malcolm and Lachi{\`e}ze-Rey, Marc and Penrose, Roger},
  year={2000},
  publisher={Dunod}
}
@book{lyonnet1992maintenance,
  title={La maintenance: math{\'e}matiques et m{\'e}thodes},
  author={Lyonnet, Patrick},
  year={1992},
  publisher={Technique et documentation-Lavoisier}
}
@book{mandl1959introduction,
  title={Introduction to quantum field theory},
  author={Mandl, Franz},
  year={1959},
  publisher={Interscience publishers}
}
@book{mathieu2009physique,
  title={Physique des semiconducteurs et des composants {\'e}lectroniques-6{\`e}me {\'e}dition: Cours et exercices corrig{\'e}s},
  author={Mathieu, Henry and Fanet, Herv{\'e}},
  year={2009},
  publisher={Dunod}
}
@book{montgomery1991introduction,
  title={Introduction to statistical quality control},
  author={Montgomery, Douglas C},
  year={1991},
  publisher={Wiley New York}
}
@book{ng2008queueing,
  title={Queueing modelling fundamentals: With applications in communication networks},
  author={Ng, Chee-Hock and Boon-Hee, Soong},
  year={2008},
  publisher={John Wiley \& Sons}
}

@Book{piskounovCDI1,
  title ={Calcul diff{\'{e}}rentiel et int{\'{e}}gral (Tome I)},
  publisher = {Mir (Moscou)},
  year =      {1972},
  author =    {N. Piskunov}
}

@Book{piskounovCDI2,
  title =     {Calcul diff{\'{e}}rentiel et int{\'{e}}gral (Tome II)},
  publisher = {Mir (Moscou)},
  year =      {1972},
  author =    {N. Piskunov}
}
@book{robinett1997quantum,
  title={Quantum mechanics: classical results, modern systems, and visualized examples},
  author={Robinett, Richard Wallace and Murphy, RD},
  year={1997},
  publisher={Oxford University Press New York}
}
@book{rothen1999physique,
  title={Physique g{\'e}n{\'e}rale: la physique des sciences de la nature et de la vie},
  author={Rothen, Fran{\c{c}}ois},
  year={1999},
  publisher={PPUR presses polytechniques}
}
@book{singh2001introduction,
  title={Introduction to food engineering},
  author={Singh, R Paul and Heldman, Dennis R},
  year={2001},
  publisher={Gulf Professional Publishing}
}
@book{stewart2006analyse,
  title={Analyse, concepts et contextes: Volume 1, Fonctions d'une variable},
  author={Stewart, James},
  volume={1},
  year={2006},
  publisher={De Boeck Sup{\'e}rieur}
}
@book{thiel1990recherche,
  title={Recherche op{\'e}rationnelle et management des entreprises},
  author={Thiel, Daniel},
  year={1990},
  publisher={Economica}
}

@Book{thiriez2004modelisation,
  title =     {La mod{\'e}lisation du risque: simulations de {Monte Carlo}},
  publisher = {Economica},
  year =      {2004},
  author =    {Thiriez, Herv{\'e}}
}
@book{williams2002introducing,
  title={Introducing Special Relativity},
  author={Williams, William SC},
  year={2002},
  publisher={CRC Press}
}
@book{wilmott1995mathematics,
  title={The mathematics of financial derivatives: a student introduction},
  author={Wilmott, Paul},
  year={1995},
  publisher={Cambridge University Press}
}
@book{zafarani2014social,
  title={Social media mining: an introduction},
  author={Zafarani, Reza and Abbasi, Mohammad Ali and Liu, Huan},
  year={2014},
  publisher={Cambridge University Press}
}
@book{zdunkowski2003dynamics,
  title={Dynamics of the Atmosphere: A course in theoretical Meteorology},
  author={Zdunkowski, Wilford and Bott, Andreas},
  year={2003},
  publisher={Cambridge University Press}
}
@book{zwiebach2004first,
  title={A first course in string theory},
  author={Zwiebach, Barton},
  year={2004},
  publisher={Cambridge university press}
}
@book{christian2013analytical,
	title={Analytical Chemistry, 7th Edition: Seventh Edition},
	author={Christian, GD and Dsgupta, P and Schug, K},
	year={2013},
	publisher={Wiley Global Education}
}
@book{arens2015mathematik,
  title={Mathematik},
  author={Arens, T. and Hettlich, F. and Karpfinger, C. and Kockelkorn, U. and Lichtenegger, K. and Stachel, H.},
  year={2015},
  publisher={Springer Berlin Heidelberg}
}
@book{jordan2012fundamentals,
  title={Fundamentals of Corporate Finance Standard Edition},
  author={Jordan, B. and Westerfield, R. and Ross, S.},
  isbn={9780078034633},
  lccn={2011042532},
  year={2012},
  publisher={McGraw-Hill Education}
}
@book{oliveira2015practical,
  title={Practical C++ Financial Programming},
  author={Oliveira, C.},
  isbn={9781430267164},
  year={2015},
  publisher={Apress}
}
@book{cryer2008time,
  title={Time Series Analysis: With Applications in R},
  author={Cryer, J.D. and Chan, K.S.},
  isbn={9780387759593},
  lccn={2008923058},
  series={Springer Texts in Statistics},
  year={2008},
  publisher={Springer New York}
}
@book{welch2009corporate,
  title={Corporate Finance: An Introduction},
  author={Welch, I.},
  isbn={9780321587275},
  lccn={2008024981},
  series={Pearson international edition},
  year={2009},
  publisher={Prentice Hall}
}
@book{mmm1,
  title={An introduction to ordinary generating functions},
  author={Zabrocki, M.},
  series={York University},
  url={http://garsia.math.yorku.ca/~zabrocki/MMM1/MMM1Intro2OGFs.pdf},
}
@book{press2007numerical,
  title={Numerical Recipes 3rd Edition: The Art of Scientific Computing},
  author={Press, W.H.},
  isbn={9780521880688},
  lccn={89015841},
  year={2007},
  publisher={Cambridge University Press}
}
@book{vermot2011traite,
  title={Trait{\'e} de construction horlog{\`e}re},
  author={Vermot, M. and Bovay, P. and Prongu{\'e}, D.},
  isbn={9782880748838},
  series={Collection microtechnique \& [et] nanotechnologie},
  year={2011},
  publisher={Presses polytechniques et universitaires romandes}
}
@book{dettman1965applied,
  title={Applied Complex Variables},
  author={Dettman, J.W.},
  isbn={9780486646701},
  lccn={lc65015585},
  series={A Series of advanced mathematics texts},
  year={1965},
  publisher={Macmillan}
}
@book{sqcwesternelectri,
  title={SQC Western Electric Union},
  author={D.W. Thormas, C.S. Barrett, C.W. LeSage},
  lccn={33858387},
  year={1956},
  publisher={Western Electric Co., Inc.}
}
@book{louisell1973quantum,
  title={Quantum statistical properties of radiation},
  author={Louisell, W.H.},
  isbn={9780471547853},
  lccn={73000547},
  series={Wiley Series in Pure and Applied Optics Series},
  year={1973},
  publisher={John Wiley \& Sons Canada, Limited}
}
@article{filip2010elementary,
  title={An elementary proof that almost all real numbers are normal},
  author={Filip, Ferdin{\'a}nd},
  journal={Acta Universitatis Sapientiae. Mathematica},
  volume={2},
  number={1},
  pages={99--110},
  year={2010},
  publisher={Sapientia Hungarian University of Transylvania; Scientia Publishing House}
}
@book{strang2016calculus,
  title={Calculus},
  author={Strang, G. and OpenStax and Herman, E. and BCcampus},
  number={vol.~1},
  isbn={9781938168024},
  year={2016},
  publisher={OpenStax College}
}
@book{openstax2016calculus,
  title={Calculus},
  author={OpenStax},
  number={vol.~2},
  isbn={9781680920154},
  year={2016},
  publisher={12th Media Services}
}
@book{equity2014collegeV1,
  title={College Physics Textbook Equity Edition Volume 1 of 3: Chapters 1 - 12},
  author={Equity, A.O.E.R.T.},
  isbn={9781304803214},
  year={2014},
  publisher={LULU Press}
}
@book{equity2014collegeV2,
  title={College Physics Textbook Equity Edition Volume 2 of 3: Chapters 13 - 24},
  author={Equity, A.O.E.R.T.},
  isbn={9781304784568},
  year={2014},
  publisher={LULU Press}
}
@book{equity2014collegeV3,
  title={College Physics Textbook Equity Edition Volume 3 of 3: Chapters 25 - 34},
  author={Equity, A.O.E.R.T.},
  isbn={9781304804266},
  year={2014},
  publisher={LULU Press}
}
@book{landauMechanics,
  title={Mechanics},
  author={Landau, L.D. and Lifshitz, E.M.},
  number={vol.~1},
  isbn={9780080503479},
  series={Course of Theoretical Physics},
  year={1982},
  publisher={Elsevier Science}
}
@book{landauCTF,
  title={Classical Theory of Fields},
  author={Landau, L.D.},
  number={vol.~2},
  isbn={9781483293288},
  series={Course of Theoretical Physics},
  year={2013},
  publisher={Elsevier Science}
}
@book{landau1977quantum,
  title={Quantum Mechanics: Non-relativistic Theory},
  author={Landau, L.D. and Lifshits, E.M.},
  number={vol.~2},
  isbn={9780750635394},
  series={Course of Theoretical Physics},
  year={1977},
  publisher={Butterworth-Heinemann}
}
@book{landauQE,
  title={Quantum Electrodynamics},
  author={Berestetskii, V.B. and Pitaevskii, L.P. and Lifshitz, E.M.},
  number={vol.~4},
  isbn={9780080503462},
  series={Course of Theoretical Physics},
  year={2012},
  publisher={Elsevier Science}
}
@book{landauSatistical,
  title={Statistical Physics},
  author={Landau, L.D. and Lifshitz, E.M.},
  number={vol.~5},
  isbn={9780080570464},
  series={Course of Theoretical Physics},
  year={2013},
  publisher={Elsevier Science}
}
@book{landau2013fluid,
  title={Fluid Mechanics},
  author={Landau, L.D. and Lifshitz, E.M.},
  number={vol.~6},
  isbn={9781483140506},
  series={Course of Theoretical Physics},
  year={2013},
  publisher={Elsevier Science}
}
@book{landauElasticity,
  title={Theory of Elasticity},
  author={Landau, L.D. and Pitaevskii, L.P. and Kosevich, A.M. and Lifshitz, E.M.},
  number={vol.~7},
  isbn={9780080570693},
  series={Course of Theoretical Physics},
  year={2012},
  publisher={Elsevier Science}
}
@book{landauECM,
  title={Electrodynamics of Continuous Media},
  author={Landau, L.D. and Bell, J.S. and Kearsley, M.J. and Pitaevskii, L.P. and Lifshitz, E.M. and Sykes, J.B.},
  number={vol.~8},
  isbn={9781483293752},
  series={Course of Theoretical Physics},
  year={2013},
  publisher={Elsevier Science}
}
@book{landauKinetic,
  title={Physical Kinetics},
  author={Pitaevskii, L.P. and Lifshitz, E.M.},
  number={vol.~10},
  isbn={9780080570495},
  series={Course of Theoretical Physics},
  year={2012},
  publisher={Elsevier Science}
}
@book{lazic2006design,
  title={Design of Experiments in Chemical Engineering: A Practical Guide},
  author={Lazic, Z.R.},
  isbn={9783527604593},
  year={2006},
  publisher={Wiley}
}
@book{demailly2012analyse,
  title={Analyse num{\'e}rique et {\'e}quations diff{\'e}rentielles},
  author={Demailly, J.P.},
  isbn={9782759801121},
  series={Grenoble Sciences},
  year={2012},
  publisher={EDP Sciences}
}
@book{cornell2011experiments,
  title={Experiments with Mixtures: Designs, Models, and the Analysis of Mixture Data},
  author={Cornell, J.A.},
  isbn={9781118150498},
  lccn={2001045457},
  series={Wiley Series in Probability and Statistics},
  year={2011},
  publisher={Wiley}
}
@book{sokal1999fashionable,
  title={Fashionable Nonsense: Postmodern Intellectuals' Abuse of Science},
  author={Sokal, A. and Bricmont, J.},
  isbn={9780312204075},
  lccn={98035336},
  year={1999},
  publisher={ST MARTINS PRESS (NY)}
}
@book{zaki2014data,
  title={Data Mining and Analysis: Fundamental Concepts and Algorithms},
  author={Zaki, M.J. and Meira, W. and Meira, W.},
  isbn={9780521766333},
  lccn={2013037544},
  year={2014},
  publisher={Cambridge University Press}
}
@article{kacker1991taguchi,
  title={Taguchi's orthogonal arrays are classical designs of experiments},
  author={Kacker, Raghu N and Lagergren, Eric S and Filliben, James J},
  journal={Journal of research of the National Institute of Standards and Technology},
  volume={96},
  number={5},
  pages={577--591},
  year={1991}
}
@article{co2008confirmation,
  title={Confirmation testing of the Taguchi methods by artificial neural-networks simulation},
  author={Co, HC},
  journal={International Journal of Production Research},
  volume={46},
  number={17},
  pages={4671--4685},
  year={2008},
  publisher={Taylor \& Francis}
}
@book{theoret2004calcul,
  title={Le Calcul Num{\'e}rique en Finance Empirique et Quantitative: Ing{\'e}nierie Financi{\`e}re et Exccel},
  author={Th{\'e}oret, R.},
  isbn={9782760517721},
  year={2004},
  publisher={Presses de l'Universite du Quebec}
}§
@article{chance2007synthesis,
  title={A synthesis of binomial option pricing models for lognormally distributed assets},
  author={Chance, Don M},
  year={2007}
}
@article{xin2011vix,
  title={The VIX Volatility Index},
  author={Xin, Mao},
  journal={Project Report, Department of Mathematics, Uppsala University, Sweden},
  year={2011}
}
@book{fraknoi2016astronomy,
  title={Astronomy},
  author={Fraknoi, A. and OpenStax and Morrison, D. and Wolff, S.C.},
  isbn={9781938168284},
  series={Open Textbook Library},
  year={2016},
  publisher={OpenStax College}
}
@book{mangin2013supaconductivite,
  title={Supraconductivit{\'e}},
  author={Mangin, P. and Kahn, R.},
  isbn={9782759808588},
  series={Grenoble Sciences},
  year={2013},
  publisher={EDP Sciences}
}
@book{lim1998problems,
  title={Problems and Solutions on Quantum Mechanics},
  author={Lim, Y.K.},
  isbn={9789813103009},
  series={Major American Universities Ph.D. Qualifying Questions and Solutions - Physics},
  year={1998}
}
@book{eisberg1985quantum,
  title={Quantum physics of atoms, molecules, solids, nuclei, and particles},
  author={Eisberg, R.M. and Resnick, R.},
  isbn={9780471873730},
  lccn={84010444},
  series={Quantum Physics of Atoms, Molecules, Solids, Nuclei and Particles},
  year={1985},
  publisher={Wiley}
}
@article{juffmann2012real,
  title={Real-time single-molecule imaging of quantum interference},
  author={Juffmann, Thomas and Milic, Adriana and M{\"u}llneritsch, Michael and Asenbaum, Peter and Tsukernik, Alexander and T{\"u}xen, Jens and Mayor, Marcel and Cheshnovsky, Ori and Arndt, Markus},
  journal={Nature nanotechnology},
  volume={7},
  number={5},
  pages={297--300},
  year={2012},
  publisher={Nature Research}
}